@online{programmiersprachen,
    author = {PYPL},
    title = {Die beliebtesten Programmiersprachen weltweit laut PYPL-Index im Dezember 2023},
    year = {2023},
    month = {Dezember},
    url = {https://de.statista.com/statistik/daten/studie/678732/umfrage/beliebteste-programmiersprachen-weltweit-laut-pypl-index/},
    note = {In Statista},
    howpublished = {Graph},
    organization = {Statista},
    urldate = {2023-12-09}
}

@misc{nodejavapython,
    title = {Node.js {Vs} {JAVA} {Vs} {Python}- {How} to {Choose} the {Best} {Backend} {Tech} {Stack}?},
    url = {https://medium.com/quick-code/node-js-vs-java-vs-python-how-to-choose-the-best-backend-tech-stack-82833df0bb4e},
    abstract = {Node.js Vs JAVA Vs Python- The Better Way to Build Backend in 2021},
    language = {en},
    urldate = {2023-12-09},
    journal = {Quick Code},
    author = {Wilson, Ella},
    month = aug,
    year = {2021},
    file = {Snapshot:/Users/philippkust/Zotero/storage/IH6P6SU7/node-js-vs-java-vs-python-how-to-choose-the-best-backend-tech-stack-82833df0bb4e.html:text/html},
}


@misc{webframeworks,
    title = {Stack {Overflow} {Developer} {Survey} 2023},
    year = {2023},
    url = {https://survey.stackoverflow.co/2023/?utm_source=social-share&utm_medium=social&utm_campaign=dev-survey-2023},
    abstract = {In May 2023 over 90,000 developers responded to our annual survey about how they learn and level up, which tools they're using, and which ones they want.},
    language = {en},
    urldate = {2023-12-09},
    organization = {StackOverflow},
    journal = {Stack Overflow},
    file = {Snapshot:/Users/philippkust/Zotero/storage/S3WS33A7/2023.html:text/html},
}

@misc{flaskdjango,
    title = {Flask vs. {Django} â€” a comparison of the {Python} frameworks},
    url = {https://www.ionos.com/digitalguide/websites/web-development/flask-vs-django/},
    abstract = {Django and Flask are two popular Python frameworks based on different approaches. We compare the two and reveal their strengths and weaknesses.},
    language = {en-US},
    urldate = {2023-12-09},
    journal = {IONOS Digital Guide},
    organization = {ionos},
    month = nov,
    year = {2022},
    file = {Snapshot:/Users/philippkust/Zotero/storage/MKRCZ83T/flask-vs-django.html:text/html},
}